<zs:record>
      <zs:recordPacking>xml</zs:recordPacking>
      <zs:recordData>
        <record xmlns="http://www.loc.gov/MARC21/slim">
          <leader>00449nz a2200121 4500</leader>
          <controlfield tag="001">30001677</controlfield>
          <controlfield tag="003">RISM</controlfield>
          <controlfield tag="005">20121108</controlfield>
          <controlfield tag="008">121108n||az|||||||##########||||||||||||</controlfield>
          <datafield tag="043" ind1=" " ind2=" ">
            <subfield code="c">Hungary</subfield>
          </datafield>
          <datafield tag="110" ind1="2" ind2=" ">
            <subfield code="a">Liszt Ferenc Zeneművészeti Főiskola Könyvtára</subfield>
            <subfield code="c">Budapest</subfield>
            <subfield code="g">H-Bl</subfield>
          </datafield>
          <datafield tag="410" ind1="2" ind2=" ">
            <subfield code="a">Liszt Ferenc Academy of Music, Library</subfield>
          </datafield>
          <datafield tag="622" ind1=" " ind2=" ">
            <subfield code="e">Liszt Ferenc Zeneművészeti Főiskola, Könyvtára, P.O.B. 206, Liszt Ferenc tér 8, 1391
              Budapest VI, Hungary</subfield>
            <subfield code="u">http://www.lfze.hu</subfield>
          </datafield>
          <idzebra xmlns="http://www.indexdata.dk/zebra/">
            <size>449</size>
            <score>707</score>
            <localnumber>831239</localnumber>
            <filename>sigla/sigla.mrc</filename>
          </idzebra>
        </record>
      </zs:recordData>
      <zs:recordPosition>17</zs:recordPosition>
    </zs:record>