<zs:record>
      <zs:recordPacking>xml</zs:recordPacking>
      <zs:recordData>
        <record xmlns="http://www.loc.gov/MARC21/slim">
          <leader>00465nz a2200133 4500</leader>
          <controlfield tag="001">30001678</controlfield>
          <controlfield tag="003">RISM</controlfield>
          <controlfield tag="005">20121108</controlfield>
          <controlfield tag="008">121108n||az|||||||##########||||||||||||</controlfield>
          <datafield tag="043" ind1=" " ind2=" ">
            <subfield code="c">Hungary</subfield>
          </datafield>
          <datafield tag="110" ind1="2" ind2=" ">
            <subfield code="a">Budavári Nagyboldogasszony templom Kottatára</subfield>
            <subfield code="c">Budapest</subfield>
            <subfield code="g">H-Bm</subfield>
          </datafield>
          <datafield tag="410" ind1="2" ind2=" ">
            <subfield code="a">Mátyás-templom</subfield>
          </datafield>
          <datafield tag="410" ind1="2" ind2=" ">
            <subfield code="a">Budavári Koronázó Főtemplom</subfield>
          </datafield>
          <datafield tag="622" ind1=" " ind2=" ">
            <subfield code="e">Budavári Nagyboldogasszony templom, Kottatára, Szentháromság tér 2, 1014 Budapest,
              Hungary</subfield>
            <subfield code="u">http://www.matyas-templom.hu/</subfield>
          </datafield>
          <idzebra xmlns="http://www.indexdata.dk/zebra/">
            <size>465</size>
            <score>707</score>
            <localnumber>836154</localnumber>
            <filename>sigla/sigla.mrc</filename>
          </idzebra>
        </record>
      </zs:recordData>
      <zs:recordPosition>92</zs:recordPosition>
    </zs:record>