<zs:record>
      <zs:recordPacking>xml</zs:recordPacking>
      <zs:recordData>
        <record xmlns="http://www.loc.gov/MARC21/slim">
          <leader>00387nz a2200121 4500</leader>
          <controlfield tag="001">30004486</controlfield>
          <controlfield tag="003">RISM</controlfield>
          <controlfield tag="005">20121108</controlfield>
          <controlfield tag="008">121108n||az|||||||##########||||||||||||</controlfield>
          <datafield tag="043" ind1=" " ind2=" ">
            <subfield code="c">Hungary</subfield>
          </datafield>
          <datafield tag="110" ind1="2" ind2=" ">
            <subfield code="a">Néprajzi Múzeum Népzenei Osztálya</subfield>
            <subfield code="c">Budapest</subfield>
            <subfield code="g">H-Bnm</subfield>
          </datafield>
          <datafield tag="410" ind1="2" ind2=" ">
            <subfield code="a">Ethnographic Museum, Folk Music Department</subfield>
          </datafield>
          <datafield tag="622" ind1=" " ind2=" ">
            <subfield code="e">Néprajzi Múzeum Népzenei Osztálya, Kossuth tér 12, 1055 Budapest, Hungary</subfield>
          </datafield>
          <idzebra xmlns="http://www.indexdata.dk/zebra/">
            <size>387</size>
            <score>707</score>
            <localnumber>832535</localnumber>
            <filename>sigla/sigla.mrc</filename>
          </idzebra>
        </record>
      </zs:recordData>
      <zs:recordPosition>58</zs:recordPosition>
    </zs:record>