<zs:record>
      <zs:recordPacking>xml</zs:recordPacking>
      <zs:recordData>
        <record xmlns="http://www.loc.gov/MARC21/slim">
          <leader>00487nz a2200133 4500</leader>
          <controlfield tag="001">30004496</controlfield>
          <controlfield tag="003">RISM</controlfield>
          <controlfield tag="005">20121108</controlfield>
          <controlfield tag="008">121108n||az|||||||##########||||||||||||</controlfield>
          <datafield tag="043" ind1=" " ind2=" ">
            <subfield code="c">Hungary</subfield>
          </datafield>
          <datafield tag="110" ind1="2" ind2=" ">
            <subfield code="a">"Reguly Antal" Műemlék-Könyvtár</subfield>
            <subfield code="c">Zirc</subfield>
            <subfield code="g">H-ZIk</subfield>
          </datafield>
          <datafield tag="410" ind1="2" ind2=" ">
            <subfield code="a">Antal Reguly Historical Library of the National Széchényi Library</subfield>
          </datafield>
          <datafield tag="410" ind1="2" ind2=" ">
            <subfield code="a">Országos Széchényi Könyvtár "Reguly Antal" Műemlék-Könyvtára</subfield>
          </datafield>
          <datafield tag="622" ind1=" " ind2=" ">
            <subfield code="e">"Reguly Antal" Műemlék-Könyvtár, Rákóczi tér 1, 8420 Zirc, Hungary</subfield>
          </datafield>
          <idzebra xmlns="http://www.indexdata.dk/zebra/">
            <size>487</size>
            <score>707</score>
            <localnumber>832851</localnumber>
            <filename>sigla/sigla.mrc</filename>
          </idzebra>
        </record>
      </zs:recordData>
      <zs:recordPosition>68</zs:recordPosition>
    </zs:record>